@article{Aouissi,
  title = {Phonon spectra of diamond, Si, Ge, and $\ensuremath{\alpha}\text{\ensuremath{-}}\mathrm{Sn}$: Calculations with real-space interatomic force constants},
  author = {Aouissi, M. and Hamdi, I. and Meskini, N. and Qteish, A.},
  journal = {Phys. Rev. B},
  volume = {74},
  issue = {5},
  pages = {054302},
  numpages = {10},
  year = {2006},
  month = {Aug},
  publisher = {American Physical Society},
  doi = {10.1103/PhysRevB.74.054302},
  url = {https://link.aps.org/doi/10.1103/PhysRevB.74.054302}
}

@misc{panosc,
  title = {The Photon and Neutron Open Science Cloud {(PaNOSC)}},
  howpublished = {\url{https://www.panosc.eu/}},
  note = {Accessed: 2020-10-22}
}

@misc{nfdi,
  title = { National research data infrastructure {(NFDI)}},
  howpublished = {\url{https://www.dfg.de/en/research_funding/programmes/nfdi/index.html}},
  note = {Accessed: 2020-10-22}
}

@misc{expands,
  title = {European Open Science Cloud {(EOSC)} Photon and Neutron Data Service {(ExPaNDS)}},
  howpublished = {\url{https://expands.eu/}},
  note = {Accessed: 2020-10-22}
}

@misc{FAIR,
  title = {{FAIR} principles},
  howpublished = {\url{https://www.go-fair.org/fair-principles/}},
  note = {Accessed: 2020-10-22}
}


@misc{arXiv,
  title = {ar{X}iv.org},
  howpublished = {\url{https://arxiv.org/}},
  note = {Accessed: 2020-10-22}
}

@misc{figshare,
  title = {figshare},
  howpublished = {\url{https://figshare.com/}},
  note = {Accessed: 2020-10-22}
}


@misc{IN3,
  title = {{IN3}},
  howpublished = {\url{https://www.ill.eu/users/instruments/instruments-list/in3/description/instrument-layout/}},
  note = {Accessed: 2020-10-22}
}


@misc{foster,
  title = {Foster Open Data},
  howpublished = {\url{https://www.fosteropenscience.eu/}},
  note = {Accessed: 2020-10-22}
}


@misc{mini-school,
  title = {Czech-Bavarian mini-school on large scale facilities and open data},
  howpublished = {\url{https://mini-school.eu/}},
  note = {Accessed: 2020-10-22}
}
